@Article{Cutting_edge_thz,
author = {Masayoshi Tonouchi},
title = {Cutting-edge terahertz technology},
journal = {Nature Photonics},
year = {2007},
OPTkey = {•},
volume = {1},
number = {2},
pages = {97-105},
OPTmonth = {•},
OPTnote = {•},
OPTannote = {•}
}

@Book{konspekt,
author = {doc. Vidas Kalesinskas},
ALTeditor = {•},
title = {Skaitmeninių sistemų analizė ir modeliavimas. Paskaitų konspektas},
publisher = {VU},
year = {2012},
OPTkey = {•},
OPTvolume = {•},
OPTnumber = {•},
OPTseries = {•},
address = {•},
OPTedition = {•},
OPTmonth = {•},
OPTnote = {•},
OPTannote = {•}
}





